<record><leader>02184nam a2200541oi 4500</leader><controlfield tag="001">6773703</controlfield><controlfield tag="003">CaONFJC</controlfield><controlfield tag="005">20141125060116.0</controlfield><controlfield tag="006">m        d        </controlfield><controlfield tag="007">cr||n|||||||||</controlfield><controlfield tag="008">140428s2015    enkab   ob    001 0 eng d</controlfield><datafield ind1=" " ind2=" " tag="020"><subfield code="a">9780415741316 (hardback)</subfield></datafield><datafield ind1=" " ind2=" " tag="020"><subfield code="a">0415741319 (hardback)</subfield></datafield><datafield ind1=" " ind2=" " tag="020"><subfield code="a">9781315815312 (ebook)</subfield></datafield><datafield ind1=" " ind2=" " tag="020"><subfield code="a">1315815311 (ebook)</subfield></datafield><datafield ind1=" " ind2=" " tag="020"><subfield code="a">9781317807209 (ebook)</subfield></datafield><datafield ind1=" " ind2=" " tag="020"><subfield code="a">1317807200 (ebook)</subfield></datafield><datafield ind1=" " ind2=" " tag="020"><subfield code="a">9781322314235 (MyiLibrary)</subfield></datafield><datafield ind1=" " ind2=" " tag="037"><subfield code="a">662705</subfield><subfield code="b">MIL</subfield></datafield><datafield ind1=" " ind2=" " tag="039"><subfield code="a">exclude</subfield></datafield><datafield ind1=" " ind2=" " tag="040"><subfield code="a">CaONFJC</subfield><subfield code="c">CaONFJC</subfield><subfield code="e">rda</subfield><subfield code="d">AEU</subfield></datafield><datafield ind1="0" ind2="4" tag="050"><subfield code="a">HV7231</subfield><subfield code="b">.T73 2015eb</subfield></datafield><datafield ind1="0" ind2="4" tag="082"><subfield code="a">365</subfield><subfield code="2">23</subfield></datafield><datafield ind1=" " ind2=" " tag="090"><subfield code="a">Internet Access</subfield><subfield code="b">AEGMCT</subfield></datafield><datafield ind1=" " ind2=" " tag="091"><subfield code="a">DO NOT ADD TO THIS RECORD - PSA PROJECT</subfield></datafield><datafield ind1="0" ind2="0" tag="245"><subfield code="a">Transnational penal cultures :</subfield><subfield code="b">new perspectives on discipline, punishment, and desistance /</subfield><subfield code="c">edited by Vivien Miller and James Campbell.</subfield></datafield><datafield ind1=" " ind2="1" tag="264"><subfield code="a">Abingdon, Oxon :</subfield><subfield code="b">Routledge,</subfield><subfield code="c">2015.</subfield></datafield><datafield ind1=" " ind2=" " tag="300"><subfield code="a">1 online resource (xv, 234 pages) :</subfield><subfield code="b">illustrations, map.</subfield></datafield><datafield ind1=" " ind2=" " tag="336"><subfield code="a">text</subfield><subfield code="b">txt</subfield><subfield code="2">rdacontent</subfield></datafield><datafield ind1=" " ind2=" " tag="337"><subfield code="a">computer</subfield><subfield code="b">c</subfield><subfield code="2">rdamedia</subfield></datafield><datafield ind1=" " ind2=" " tag="338"><subfield code="a">online resource</subfield><subfield code="b">cr</subfield><subfield code="2">rdacarrier</subfield></datafield><datafield ind1="1" ind2=" " tag="490"><subfield code="a">Routledge SOLON explorations in crime and criminal justice histories ;</subfield><subfield code="v">5</subfield></datafield><datafield ind1=" " ind2=" " tag="504"><subfield code="a">Includes bibliographical references and index.</subfield></datafield><datafield ind1=" " ind2=" " tag="506"><subfield code="a">Access restricted to authorized users and institutions.</subfield></datafield><datafield ind1=" " ind2=" " tag="588"><subfield code="a">Description based on print version record.</subfield></datafield><datafield ind1=" " ind2=" " tag="596"><subfield code="a">57</subfield></datafield><datafield ind1=" " ind2="0" tag="650"><subfield code="a">Criminal justice, Administration of.</subfield></datafield><datafield ind1=" " ind2="0" tag="650"><subfield code="a">Punishment.</subfield></datafield><datafield ind1=" " ind2="0" tag="650"><subfield code="a">Prisons.</subfield></datafield><datafield ind1=" " ind2="0" tag="650"><subfield code="a">Criminal justice, Administration of</subfield><subfield code="v">Case studes.</subfield></datafield><datafield ind1=" " ind2="0" tag="650"><subfield code="a">Punishment</subfield><subfield code="v">Case studies.</subfield></datafield><datafield ind1=" " ind2="0" tag="650"><subfield code="a">Prisons</subfield><subfield code="v">Case studies.</subfield></datafield><datafield ind1="1" ind2=" " tag="700"><subfield code="a">Miller, Vivien M. L.,</subfield><subfield code="e">editor of compilation.</subfield></datafield><datafield ind1="1" ind2=" " tag="700"><subfield code="a">Campbell, James M.,</subfield><subfield code="e">editor of compilation.</subfield></datafield><datafield ind1=" " ind2="0" tag="830"><subfield code="a">Routledge SOLON explorations in crime and criminal justice histories ;</subfield><subfield code="v">5.</subfield></datafield><datafield ind1="4" ind2="0" tag="856"><subfield code="3">MacEwan University Access</subfield><subfield code="u">http://lib.myilibrary.com/detail.asp?ID=662705</subfield><subfield code="z">(Single User Access)</subfield></datafield><datafield ind1=" " ind2=" " tag="949"><subfield code="w">ORDER</subfield><subfield code="h">UAIN</subfield><subfield code="m">GR_MAC_INT</subfield><subfield code="z">MILGMPSA</subfield></datafield><datafield ind1=" " ind2=" " tag="926"><subfield code="a">Internet Access</subfield><subfield code="w">ORDER</subfield><subfield code="c">1</subfield><subfield code="i">6773703-1001</subfield><subfield code="l">INTERNET</subfield><subfield code="m">GR_MAC_INT</subfield><subfield code="r">Y</subfield><subfield code="s">Y</subfield><subfield code="t">E-RESOURCE</subfield><subfield code="u">1/12/2015</subfield><subfield code="x">E-BOOK</subfield><subfield code="z">MILGMPSA</subfield></datafield></record>